<?xml version="1.0" encoding="UTF-8" ?>
<record Numero="13908048" format="InterXMarc_Complet" type="Authority">
<leader>00753c1 au22000272  45  <Pos Code="0004">00753</Pos>
<Pos Code="05" Sens="notice modifiée">c</Pos>
<Pos Code="06" Sens="notice validée en catalogage courant">1</Pos>
<Pos Code="08" Sens="notice d&apos;autorité">a</Pos>
<Pos Code="09" Sens="titre uniforme musical (TUM)">u</Pos>
<Pos Code="10">2</Pos>
<Pos Code="11">2</Pos>
<Pos Code="1216">00027</Pos>
<Pos Code="17" Sens="autres cas">2</Pos>
<Pos Code="20">4</Pos>
<Pos Code="21">5</Pos>
</leader>
<controlfield tag="001">FRBNF139080481<Pos Code="0001">FR</Pos>
<Pos Code="0204">BNF</Pos>
<Pos Code="0512">13908048</Pos>
<Pos Code="13">1</Pos>
</controlfield>
<controlfield tag="008">890821981015yy    bt        ....      ....                   1   <Pos Code="0001">89</Pos>
<Pos Code="0203">08</Pos>
<Pos Code="0405">21</Pos>
<Pos Code="0607">98</Pos>
<Pos Code="0809">10</Pos>
<Pos Code="1011">15</Pos>
<Pos Code="1213" Sens="ne s&apos;applique pas">yy</Pos>
<Pos Code="1820">bt </Pos>
<Pos Code="2831">....</Pos>
<Pos Code="3841">....</Pos>
<Pos Code="61" Sens="La vedette peut être liée à une notice bibliographique sauf pour l&apos;accès matière RAMEAU">1</Pos>
</controlfield>
<datafield tag="048" ind1=" " ind2=" ">
	<subfield code="a">oa01<Pos Code="0001" Sens="orchestre - orchestre symphonique XIXe-XXe s.">oa</Pos>
<Pos Code="02">0</Pos>
<Pos Code="03">1</Pos>
</subfield>
</datafield>
<datafield tag="100" ind1=" " ind2=" ">
	<subfield code="3">13891138</subfield>
	<subfield code="w">.0..b.....</subfield>
	<subfield code="a">Barber</subfield>
	<subfield code="m">Samuel</subfield>
	<subfield code="d">1910-1981</subfield>
</datafield>
<datafield tag="144" ind1="1" ind2=" ">
	<subfield code="w">....b.....</subfield>
	<subfield code="a">Souvenirs</subfield>
	<subfield code="p">Op. 28</subfield>
	<subfield code="e">Ballet</subfield>
</datafield>
<datafield tag="600" ind1=" " ind2=" ">
	<subfield code="a">Orchestration de la pièce pour piano à 4 mains de même titre en vue d&apos;un ballet chorégraphié par Balanchine</subfield>
	<subfield code="a">Créé d&apos;abord en version de concert à Chicago par l&apos;Orchestre symphonique de Chicago dirigé par Fritz Reiner</subfield>
	<subfield code="a">Créé ensuite comme ballet à New York</subfield>
</datafield>
<datafield tag="600" ind1=" " ind2=" ">
	<subfield code="a">1951 (comp. de la pièce pour piano)</subfield>
</datafield>
<datafield tag="600" ind1=" " ind2=" ">
	<subfield code="a">1952 (orchestration)</subfield>
</datafield>
<datafield tag="600" ind1=" " ind2=" ">
	<subfield code="a">19531113 (création de l&apos;oeuvre en concert)</subfield>
</datafield>
<datafield tag="600" ind1=" " ind2=" ">
	<subfield code="a">19551115 (création du ballet)</subfield>
</datafield>
<datafield tag="610" ind1=" " ind2=" ">
	<subfield code="a">Baker</subfield>
	<subfield code="a">Musique américaine pour 2 pianos. Arion ARN68375</subfield>
</datafield>
<datafield tag="611" ind1=" " ind2=" ">
	<subfield code="a">SDC 12 106277</subfield>
</datafield>
<datafield tag="917" ind1=" " ind2=" ">
	<subfield code="o">OPC</subfield>
	<subfield code="a">100364500</subfield>
</datafield>
<Attr Nom="IDPerenne">ark:/12148/cb139080482</Attr>
<Attr Nom="NumSource">OPC 100364500</Attr>
<Attr Nom="Source" Sens="BnF catalogue général (depuis 1999)">A</Attr>
<Attr Nom="NumAutoriteLiee">13891138</Attr>
<Attr Nom="DateCreation">21/08/ 1989</Attr>
<Attr Nom="ResponsableCreation">MIGV2</Attr>
<Attr Nom="StructCreation">1</Attr>
<Attr Nom="DateDerniereValidation">08/11/ 2010</Attr>
<Attr Nom="ResponsableDerniereValidation">MIGV4</Attr>
<Attr Nom="StructPremiereValidation">1</Attr>
<Attr Nom="DatePremiereValidation">21/08/ 1989</Attr>
<Attr Nom="ResponsablePremiereValidation">MIGV2</Attr>
<Attr Nom="StructDerniereValidation">1</Attr>
<Attr Nom="NumSource">OPP 14818521</Attr>
</record>
